@article{Lee2012,
    author = "Kangdon Lee",
    title = "Augmented Reality in Education and Training",
    journal = "TechTrends",
    volume = "56",
    number = "2",
    month = "March",
    year = "2012",
    pages = "13--21"
}

@inproceedings{Fjeld2002,
  author    = {Morten Fjeld and Benedikt M. Voegtli},
  title     = {Augmented Chemistry: An Interactive Educational Workbench},
  booktitle = {ISMAR},
  year      = {2002},
  pages     = {259-260},
  ee        = {http://csdl.computer.org/comp/proceedings/ismar/2002/1781/00/17810259.pdf},
  bibsource = {DBLP, http://dblp.uni-trier.de}
}

@article{Zhou2008,
title = {Trends in augmented reality tracking, interaction and display: A review of ten years of {ISMAR}},
author = {Zhou, Feng and Duh, Henry Been-Lirn and Billinghurst, Mark},
doi = {10.1109/ISMAR.2008.4637362},
file = {:home/arturoe/docs/Mendeley\_Desktop/Trend-inAugmentedRealityTrackingInteractionandDisplayAReviewofTenYearsofISMAR.pdf:pdf},
isbn = {978-1-4244-2840-3},
journal = {7th IEEE/ACM International Symposium on Mixed and Augmented Reality},
month = sep,
number = {4},
pages = {193--202},
publisher = {Ieee},
url = {http://ieeexplore.ieee.org/lpdocs/epic03/wrapper.htm?arnumber=4637362},
volume = {2},
year = {2008}
}

@book{RedBook,
author = {Shreiner, Sellers, Kessenich and Licea-Kane},
edition = {8th},
isbn = {978-0321773036},
publisher = {Addison-Wesley Professional},
title = {{OpenGL Programming Guide (the "Red Book")}},
year = {2013}
}

